<?xml version="1.0" encoding="UTF-8"?><record xmlns="http://www.loc.gov/MARC21/slim" xmlns:cinclude="http://apache.org/cocoon/include/1.0" xmlns:zs="http://www.loc.gov/zing/srw/">
  <leader>00609cz  a2200181n  4500</leader>
  <controlfield tag="001">n 2006004144</controlfield>
  <controlfield tag="003">DLC</controlfield>
  <controlfield tag="005">20130323081047.0</controlfield>
  <controlfield tag="008">060119n| azannaabn          |a aaa      </controlfield>
  <datafield tag="010" ind1=" " ind2=" ">
    <subfield code="a">n 2006004144</subfield>
  </datafield>
  <datafield tag="040" ind1=" " ind2=" ">
    <subfield code="a">DLC</subfield>
    <subfield code="b">eng</subfield>
    <subfield code="e">rda</subfield>
    <subfield code="c">DLC</subfield>
    <subfield code="d">DLC</subfield>
  </datafield>
  <datafield tag="046" ind1=" " ind2=" ">
    <subfield code="f">1784</subfield>
  </datafield>
  <datafield tag="100" ind1="1" ind2=" ">
    <subfield code="a">Striker, Garrit H.</subfield>
    <subfield code="q">(Garrit Hopper),</subfield>
    <subfield code="d">1784-</subfield>
  </datafield>
  <datafield tag="378" ind1=" " ind2=" ">
    <subfield code="q">Garrit Hopper</subfield>
  </datafield>
  <datafield tag="400" ind1="1" ind2=" ">
    <subfield code="w">nnea</subfield>
    <subfield code="a">Striker, Garrit H.</subfield>
    <subfield code="q">(Garrit Hopper),</subfield>
    <subfield code="d">b. 1784</subfield>
  </datafield>
  <datafield tag="400" ind1="1" ind2=" ">
    <subfield code="a">Striker, Garrit Hopper,</subfield>
    <subfield code="d">1784-</subfield>
  </datafield>
  <datafield tag="670" ind1=" " ind2=" ">
    <subfield code="a">Striker, Garrit H. Garrit H. Striker vs. Thomas Kelly, 1844.</subfield>
  </datafield>
  <datafield tag="670" ind1=" " ind2=" ">
    <subfield code="a">RLIN</subfield>
    <subfield code="b">(hdg.: Striker, Garrit Hopper, b. 1784; usage: Garrit H. Striker)</subfield>
  </datafield>
</record>